@article{baskakov1983methods,
  title = {Methods of abstract harmonic analysis in the perturbation of linear operators},
  author = {Baskakov, Anatoly Grigorievich},
  journal = {Siberian Mathematical Journal},
  volume = {24},
  number = {1},
  pages = {17--32},
  year = {1983},
  publisher = {Springer}
}

@article{baskakov2014memory,
  title={Memory estimation of inverse operators},
  author={Baskakov, Anatoly Grigorievich and Krishtal, Ilya A},
  journal={Journal of Functional Analysis},
  volume={267},
  number={8},
  pages={2551--2605},
  year={2014},
  publisher={Elsevier}
}

@article{baskakov2017method,
  title={The method of similar operators in the spectral analysis of the Hill operator with nonsmooth potential},
  author={Baskakov, Anatoly Grigorievich and Polyakov, Dmitry Mikhailovich},
  journal={Sb.: Mathematics},
  volume={208},
  number={1},
  pages={1},
  year={2017},
  publisher={IOP Publishing}
}

@article{baskakov2013completeness,
  title={On completeness of spectral subspaces of linear relations and ordered pairs of linear operators},
  author={Baskakov, Anatoly Grigorievich and Krishtal, Ilya A},
  journal={Journal of Mathematical Analysis and Applications},
  volume={407},
  number={1},
  pages={157--178},
  year={2013},
  publisher={Elsevier}
}

@book{godsil2013algebraic,
  title={Algebraic graph theory},
  author={Godsil, Chris and Royle, Gordon F},
  volume={207},
  year={2013},
  publisher={Springer Science \& Business Media}
}

@article{van2003graphs,
  title={Which graphs are determined by their spectrum?},
  author={Van Dam, Edwin R and Haemers, Willem H},
  journal={Linear Algebra and its applications},
  volume={373},
  pages={241--272},
  year={2003},
  publisher={Elsevier}
}

@misc{cvetkovic1980spectra,
  title={Spectra of Graph-Theory and Applications},
  author={Cvetkovi{\'c}, D and Doob, M and Sachs, H},
  year={1980},
  publisher={Academic Press, New York}
}

@inproceedings{wang2003epidemic,
  title={Epidemic spreading in real networks: An eigenvalue viewpoint},
  author={Wang, Yang and Chakrabarti, Deepayan and Wang, Chenxi and Faloutsos, Christos},
  booktitle={Reliable Distributed Systems, 2003. Proceedings. 22nd International Symposium on},
  pages={25--34},
  year={2003},
  organization={IEEE}
}

@article{chakrabarti2008epidemic,
  title={Epidemic thresholds in real networks},
  author={Chakrabarti, Deepayan and Wang, Yang and Wang, Chenxi and Leskovec, Jurij and Faloutsos, Christos},
  journal={ACM Transactions on Information and System Security (TISSEC)},
  volume={10},
  number={4},
  pages={1},
  year={2008},
  publisher={ACM}
}

@article{bonacich1972factoring,
  title={Factoring and weighting approaches to status scores and clique identification},
  author={Bonacich, Phillip},
  journal={Journal of Mathematical Sociology},
  volume={2},
  number={1},
  pages={113--120},
  year={1972},
  publisher={Taylor \& Francis}
}

@techreport{ilprints422,
          number = {1999-66},
           month = {November},
          author = {Lawrence Page and Sergey Brin and Rajeev Motwani and Terry Winograd},
            note = {Previous number = SIDL-WP-1999-0120},
           title = {The PageRank Citation Ranking: Bringing Order to the Web.},
            type = {Technical Report},
       publisher = {Stanford InfoLab},
            year = {1999},
     institution = {Stanford InfoLab},
             url = {http://ilpubs.stanford.edu:8090/422/},
        abstract = {The importance of a Web page is an inherently subjective matter, which depends on the readers interests, knowledge and attitudes. But there is still much that can be said objectively about the relative importance of Web pages. This paper describes PageRank, a mathod for rating Web pages objectively and mechanically, effectively measuring the human interest and attention devoted to them. We compare PageRank to an idealized random Web surfer. We show how to efficiently compute PageRank for large numbers of pages. And, we show how to apply PageRank to search and to user navigation.}
}

@book{bellman-matrices-kron,
  title={Introduction to matrix analysis},
  author={Bellman, Richard},
  year={1997},
  publisher={SIAM},
  pages={227},
  doi={10.1137/1.9781611971170.ch12},
  isbn={978-0-89871-399-2},
  series={Classics in Applied Mathematics},
}

@techreport{schwartz2006fluctuation,
  title={Fluctuation Induced Almost Invariant Sets},
  author={Schwartz, Ira B and Billings, Lora},
  year={2006},
  institution={NAVAL RESEARCH LAB WASHINGTON DC PLASMA PHYSICS DIV}
}

@book{abraham2012manifolds,
  title={Manifolds, tensor analysis, and applications},
  author={Abraham, Ralph and Marsden, Jerrold E and Ratiu, Tudor},
  volume={75},
  year={2012},
  publisher={Springer Science \& Business Media}
}

@article{meyer1994sensitivity,
  title={Sensitivity of the stationary distribution of a Markov chain},
  author={Meyer, Carl D},
  journal={SIAM Journal on Matrix Analysis and Applications},
  volume={15},
  number={3},
  pages={715--728},
  year={1994},
  publisher={SIAM}
}
